@misc{cpp,
title = {C++ language bindings for ev3dev},
author = {ddemidov},
url = {"https://github.com/ddemidov/ev3dev-lang-cpp/"},
year = {2019}
}

@misc{turtle,
title = {TurtleBot3},
author = {Robotis},
url = {"http://emanual.robotis.com/docs/en/platform/turtlebot3/specifications/#specifications"},
year = {2019}}

@misc{sdpwiki,
title = {TurtleBot 3: Waffle Pi \& Burger},
author = {Informatics},
url = {"http://www.inf.ed.ac.uk/teaching/courses/sdp/SDP2020/turtlebot3_docs.pdf"},
year = {2019}
}

@misc{sdpcosts,
title  = {SDP Pricing Guidelines},
author = {Informatics},
url = {"http://www.inf.ed.ac.uk/teaching/courses/sdp/SDP2020/sdppricelist.pdf"},
year = {2020}
}

@misc{heuristics,
title = {10 Heuristics for User Interface Design},
author = {Jakob Nielsen},
year = {1994},
url = {"https://www.nngroup.com/articles/ten-usability-heuristics/"}
}

@misc{design,
title = {A comprehensive guide to mobile app design},
author = {Nick Babich},
year = {2018},
url = {"https://www.smashingmagazine.com/2018/02/comprehensive-guide-to-mobile-app-design/"}
}

@misc{ux,
title = {Understanding app design: Mapping user experience},
author = {Lauren Schommer},
year = {2020},
url = {"https://www.app-press.com/blog/understanding-app-design-mapping-user-experience"}
 }