@techreport{unison,
author = {UNISON},
title = {Ratios not rationing: UNISON safe staffing report 2017},
institution = {UNISON},
year = {2017},
url = {"https://www.unison.org.uk/content/uploads/2017/04/Rationotrationing.pdf"}
}

@misc{rcnstaffingadvice,
organization = {Royal College of Nursing},
title = {Staffing Levels},
author = {Royal{\ }College{\ }of{\ }Nursing},
url = {"https://www.rcn.org.uk/get-help/rcn-advice/staffing-levels"},
year = {2019}
}

@misc{rcnstaffingguidance,
organization = {Royal College of Nursing},
title = {Guidance on safe nurse staffing levels in the {UK}},
author = {Royal{\ }College{\ }of{\ }Nursing},
url = {"http://www.weds.wales.nhs.uk/sitesplus/documents/1076/rcn\%20safe\%20staffing\%20levels.pdf"},
year = {2010},
}

@misc{niceguidance,
title = {Managing medicines in care homes},
organization = {National Institute for Health and Care Excellence},
author = {NICE},
url = {"https://www.nice.org.uk/guidance/sc1/evidence/full-guideline-pdf-2301173677"},
year = {2014}
}

@misc{lancet,
title = {Forecasting the care needs of the older population in England over the next 20 years: estimates from the Population Ageing and Care Simulation (PACSim) modelling study},
journal = {The Lancet Public Health},
author = {A. Kingston, A. Comas-Herrerra, C. Jagger},
year = {2018},
url = {"https://www.thelancet.com/journals/lanpub/article/PIIS2468-2667(18)30118-X/fulltext"}}

@misc{nuffield,
title = {Closing the gap: Key areas for action on the health and care workforce},
year = {2019},
author = {The{\ }Nuffield{\ }Trust},
url = {"https://www.nuffieldtrust.org.uk/research/closing-the-gap-key-areas-for-action-on-the-health-and-care-workforce"}}

@misc{rcnpol,
title = {Survey of District and Community Nurses in 2013},
year = {2013},
author = {Royal{\ }College{\ }of{\ }Nursing},
url = {https://www.rcn.org.uk/about-us/policy-briefings/pol-1414}}